
@book{cockburn_writing_2001,
	location = {Boston},
	title = {Writing effective use cases},
	isbn = {978-0-201-70225-5},
	series = {The Crystal series for software development},
	pagetotal = {270},
	publisher = {Addison-Wesley},
	author = {Cockburn, Alistair},
	date = {2001},
	keywords = {Application software, Development, Use cases (Systems engineering)}
}