@article{DBLP:journals:corr:BaydinPR15:2018,
	author    = {Atilim Gunes Baydin and
	Barak A. Pearlmutter and
	Alexey Andreyevich Radul},
	title     = {Automatic differentiation in machine learning: a survey},
	journal   = {CoRR},
	volume    = {abs/1502.05767},
	year      = {2015},
	url       = {http://arxiv.org/abs/1502.05767},
	archivePrefix = {arXiv},
	eprint    = {1502.05767},
	timestamp = {Mon, 13 Aug 2018 16:48:36 +0200},
	biburl    = {https://dblp.org/rec/journals/corr/BaydinPR15.bib},
	bibsource = {dblp computer science bibliography, https://dblp.org}
}

@book{appliedcrypto:bonehandshoup:2017, 
	author = {Boneh, Dan and  Shoup, Victor},
	title = {A Graduate Course in Applied Cryptography},
	date = {September, 2017},
	year = {2017},
	OPTurl = {http://toc.cryptobook.us/}, 
}
@article{sybil:douceur:2002,
	author = {Douceur, John R},
	title = {The sybil attack},
	journaltitle = {Peer-to-Peer Systems. Lecture Notes in Computer Science},
	date = {2002},
	year = {2002},
}
@inproceedings{Dwork:1992:PVP:646757.705669,
	author = {Dwork, Cynthia and Naor, Moni},
	title = {Pricing via Processing or Combatting Junk Mail},
	booktitle = {Proceedings of the 12th Annual International Cryptology Conference on Advances in Cryptology},
	series = {CRYPTO '92},
	year = {1993},
	isbn = {3-540-57340-2},
	pages = {139--147},
	numpages = {9},
	url = {http://dl.acm.org/citation.cfm?id=646757.705669},
	acmid = {705669},
	publisher = {Springer-Verlag},
	address = {London, UK, UK},
} 
@TECHREPORT{Back02hashcash,
	author = {Adam Back},
	title = {Hashcash - A Denial of Service Counter-Measure},
	institution = {},
	year = {2002}
}
@ARTICLE{Haber91howto,
	author = {Stuart Haber and W. Scott Stornetta},
	title = {How to Time-stamp a Digital Document},
	journal = {Journal of Cryptology},
	year = {1991},
	volume = {3},
	pages = {99--111}
}
@article{Narayanan:2017:BAP:3167461.3132259,
	author = {Narayanan, Arvind and Clark, Jeremy},
	title = {Bitcoin's Academic Pedigree},
	journal = {Commun. ACM},
	issue_date = {December 2017},
	volume = {60},
	number = {12},
	month = nov,
	year = {2017},
	issn = {0001-0782},
	pages = {36--45},
	numpages = {10},
	url = {http://doi.acm.org/10.1145/3132259},
	doi = {10.1145/3132259},
	acmid = {3132259},
	publisher = {ACM},
	address = {New York, NY, USA},
} 
@MISC{Nakamoto_bitcoin:a,
	author = {Satoshi Nakamoto},
	title = {Bitcoin: A peer-to-peer electronic cash system,‚Äù http://bitcoin.org/bitcoin.pdf},
	year = {2008}
}
@inproceedings{Lamport2001PaxosMS,
	title={Paxos Made Simple},
	author={Leslie Lamport},
	year={2001}
}


